<?xml version="1.0" encoding="UTF-8"?><collection xmlns="http://www.loc.gov/MARC21/slim"><record><leader>00372nam--2200133-i-4500</leader><controlfield tag="001">000002982</controlfield><controlfield tag="002">20161230</controlfield><controlfield tag="005">20161230201025</controlfield><controlfield tag="008">060222s1000------------r-----000-0-eng-d</controlfield><datafield ind1=" " ind2=" " tag="080"><subfield code="a">621.375</subfield></datafield><datafield ind1=" " ind2=" " tag="100"><subfield code="a">Bensasson, A</subfield></datafield><datafield ind1=" " ind2=" " tag="245"><subfield code="a">Analyse et calcul des amplificateurs haute-fre quence.preface de m.henri nozieres</subfield></datafield><datafield ind1=" " ind2=" " tag="260"><subfield code="a">Paris, Edition Radio, 1967. 448 P</subfield></datafield><datafield ind1=" " ind2=" " tag="852"><subfield code="a">29721</subfield></datafield></record></collection>